<record><leader>00000cas a22000007a 4500</leader><controlfield tag="001">13462052</controlfield><controlfield tag="008">860421d18921895coudn ne      0    0eng d</controlfield><datafield ind1=" " ind2=" " tag="010"><subfield code="a">sn 86091272 </subfield></datafield><datafield ind1=" " ind2=" " tag="040"><subfield code="a">UNP</subfield><subfield code="b">eng</subfield><subfield code="c">UNP</subfield><subfield code="d">CNQ</subfield><subfield code="d">OCLCQ</subfield></datafield><datafield ind1=" " ind2=" " tag="042"><subfield code="a">msc</subfield></datafield><datafield ind1=" " ind2="4" tag="050"><subfield code="a">AN2.C6</subfield><subfield code="b">D87</subfield></datafield><datafield ind1="0" ind2=" " tag="130"><subfield code="a">Durango herald (Durango, Colo. : Daily : 1892)</subfield></datafield><datafield ind1="1" ind2="0" tag="245"><subfield code="a">Durango herald.</subfield></datafield><datafield ind1="1" ind2="7" tag="246"><subfield code="a">Herald-muldoon</subfield></datafield><datafield ind1="1" ind2="3" tag="246"><subfield code="a">Daily herald</subfield></datafield><datafield ind1=" " ind2=" " tag="260"><subfield code="a">Durango, Colo. :</subfield><subfield code="b">G.N. &amp; S.W. Raymond</subfield></datafield><datafield ind1=" " ind2=" " tag="300"><subfield code="a">v.</subfield></datafield><datafield ind1=" " ind2=" " tag="310"><subfield code="a">Daily (except Mon.)</subfield></datafield><datafield ind1="0" ind2=" " tag="362"><subfield code="a">Vol. 6, no. 125 (July 15, 1892)-v. 8, no. 189 (Jan. 1, 1895).</subfield></datafield><datafield ind1=" " ind2=" " tag="580"><subfield code="a">Weekly ed.: Solid muldoon (Durango, Colo. : Weekly).</subfield></datafield><datafield ind1=" " ind2=" " tag="752"><subfield code="a">United States</subfield><subfield code="b">Colorado</subfield><subfield code="c">La Plata</subfield><subfield code="d">Durango.</subfield></datafield><datafield ind1="1" ind2=" " tag="775"><subfield code="t">Solid muldoon (Durango, Colo: Weekly)</subfield><subfield code="w">(DLC)sn 86091268</subfield><subfield code="w">(OCoLC)13461490</subfield></datafield><datafield ind1="0" ind2="0" tag="780"><subfield code="t">Durango morning herald</subfield><subfield code="w">(DLC)sn 86063207</subfield><subfield code="w">(OCoLC)13147418</subfield></datafield><datafield ind1="0" ind2="7" tag="785"><subfield code="t">Daily Southwest (Durango, Colo.)</subfield><subfield code="w">(DLC)sn 86091273</subfield><subfield code="w">(OCoLC)13462241</subfield></datafield><datafield ind1="0" ind2="7" tag="785"><subfield code="t">Durango herald and Daily Southwest</subfield><subfield code="w">(DLC)sn 86091274</subfield><subfield code="w">(OCoLC)13472425</subfield></datafield></record>